% Encoding: UTF-8

@InProceedings{anand2015analysis,
  author =    {Anand, R and Jose, Jesmi Alphonsa and Kaimal, Anju M and Menon, Sreedevi},
  title =     {Analysis of high gain dual beam pentagonal patch antenna array},
  booktitle = {36th Progress In Electromagnetic Research Symposium},
  year =      {2015},
  file =      {:literature papers\\new16.pdf:PDF}
}

@Article{ang2003wide,
  author =    {Ang, Kian Sen and Leong, Yoke Choy and Lee, Chee How},
  title =     {A wide-band monopulse comparator with complete nulling in all delta channels throughout sum channel bandwidth},
  journal =   {IEEE transactions on microwave theory and techniques},
  year =      {2003},
  volume =    {51},
  number =    {2},
  pages =     {371--373},
  file =      {:literature papers\\mono8.pdf:PDF},
  publisher = {IEEE}
}

@Misc{ansys2017high,
  author =    {ANSYS, HFSS},
  title =     {High frequency electromagnetic field simulation software},
  year =      {2017},
  file =      {:literature papers\\new14_hfss.pdf:PDF},
  publisher = {Accessed: Aug}
}

@Article{bai2012pentagonal,
  author =  {Bai, Bondili Kohitha and Thakur, Anita},
  title =   {Pentagonal shaped microstrip patch antenna in wireless capsule endoscopy system},
  journal = {ITCS, SIP, JSE-2012, CS \& IT},
  year =    {2012},
  volume =  {4},
  pages =   {47--54},
  file =    {:literature papers\\pentagon1.pdf:PDF}
}

@Book{balanis2016antenna,
  title =     {Antenna theory: analysis and design},
  publisher = {John wiley \& sons},
  year =      {2016},
  author =    {Balanis, Constantine A},
  file =      {:literature papers\\new14.pdf:PDF}
}

@InProceedings{bashri2015dual,
  author =       {Bashri, MSR and Arslan, Tughrul and Zhou, Wei},
  title =        {A dual-band linear phased array antenna for WiFi and LTE mobile applications},
  booktitle =    {2015 Loughborough Antennas \& Propagation Conference (LAPC)},
  year =         {2015},
  pages =        {1--5},
  organization = {IEEE},
  file =         {:literature papers\\07366010.pdf:PDF}
}

@Article{bhatnagar2011design,
  author =    {Bhatnagar, D and Saini, JS and Saxena, VK and Joshi, LM and others},
  title =     {Design of broadband circular patch microstrip antenna with diamond shape slot},
  journal =   {84.40. Ba},
  year =      {2011},
  file =      {:literature papers\\IJRSP 40(5) 275-281.pdf:PDF},
  publisher = {NISCAIR-CSIR, India}
}

@InProceedings{bhilegaonkar2013mono,
  author =       {Bhilegaonkar, Sanjay and Dhande, Ashwinikumar},
  title =        {Mono-pulse comparator network system with hybrid rings},
  booktitle =    {2013 19th Asia-Pacific Conference on Communications (APCC)},
  year =         {2013},
  pages =        {556--560},
  organization = {IEEE},
  file =         {:literature papers\\bhilegaonkar2013.pdf:PDF}
}

@Article{bras2011pentagonal,
  author =    {Bras, Luis and Carvalho, Nuno Borges and Pinho, Pedro},
  title =     {Pentagonal patch-excited sectorized antenna for localization systems},
  journal =   {IEEE transactions on antennas and propagation},
  year =      {2011},
  volume =    {60},
  number =    {3},
  pages =     {1634--1638},
  file =      {:literature papers\\06107523.pdf:PDF},
  publisher = {IEEE}
}

@InProceedings{casu2014design,
  author =       {Casu, George and Moraru, C{\u{a}}t{\u{a}}lin and Kovacs, Andrei},
  title =        {Design and implementation of microstrip patch antenna array},
  booktitle =    {2014 10th International Conference on Communications (COMM)},
  year =         {2014},
  pages =        {1--4},
  organization = {IEEE},
  file =         {:literature papers\\casu2014.pdf:PDF}
}

@InProceedings{chakravarthy2016comparative,
  author =       {Chakravarthy, S Sibi and Sarveshwaran, N and Sriharini, S and Shanmugapriya, M},
  title =        {Comparative study on different feeding techniques of rectangular patch antenna},
  booktitle =    {2016 Thirteenth International Conference on Wireless and Optical Communications Networks (WOCN)},
  year =         {2016},
  pages =        {1--6},
  organization = {IEEE},
  file =         {:literature papers\\ComparativestudyofdifferentfeedingtechniquesforrectangularMicrostripPatchAntenna.pdf:PDF}
}

@InProceedings{chen2001compact,
  author =       {Chen, Wen-Shyang and Chen, Horng-Dean},
  title =        {Compact circularly polarized pentagon-shaped microstrip antenna with bent slots},
  booktitle =    {IEEE Antennas and Propagation Society International Symposium. 2001 Digest. Held in conjunction with: USNC/URSI National Radio Science Meeting (Cat. No. 01CH37229)},
  year =         {2001},
  volume =       {3},
  pages =        {424--426},
  organization = {IEEE},
  file =         {:literature papers\\new2.pdf:PDF}
}

@Article{chen2008small,
  author =    {Chen, Wen-Ling and Wang, Guang-Ming and Zhang, Chen-Xin},
  title =     {Small-size microstrip patch antennas combining Koch and Sierpinski fractal-shapes},
  journal =   {IEEE Antennas and Wireless Propagation Letters},
  year =      {2008},
  volume =    {7},
  pages =     {738--741},
  file =      {:literature papers\\ant1.pdf:PDF},
  publisher = {IEEE}
}

@InProceedings{das2017broadband,
  author =       {Das, Tanuja and Singh, Vivek Kumar},
  title =        {Broadband waveguide monopulse comparator at X-band},
  booktitle =    {2017 International Conference on Innovations in Electronics, Signal Processing and Communication (IESC)},
  year =         {2017},
  pages =        {181--185},
  organization = {IEEE},
  file =         {:literature papers\\mono2.pdf:PDF}
}

@InProceedings{ding2019compact,
  author =       {Ding, Kejia and Kishk, Ahmed A},
  title =        {Compact Comparator for 2-D Monopulse Array Based on Novel Eight-Port Coupler},
  booktitle =    {2019 IEEE International Symposium on Antennas and Propagation and USNC-URSI Radio Science Meeting},
  year =         {2019},
  pages =        {1237--1238},
  organization = {IEEE},
  file =         {:literature papers\\mono3.pdf:PDF}
}

@InProceedings{ekke2016gain,
  author =       {Ekke, Vaishali R and Zade, Prasanna L},
  title =        {Gain enhancement of Microstrip patch Antenna Array by using substrate integrated waveguide for wireless communication system},
  booktitle =    {2016 International Conference on Automatic Control and Dynamic Optimization Techniques (ICACDOT)},
  year =         {2016},
  pages =        {1017--1019},
  organization = {IEEE},
  file =         {:literature papers\\07877740.pdf:PDF}
}

@InProceedings{erfani2016broadband,
  author =       {Erfani, Elham and Denidni, Tayeb and Tatu, Serioja and Niroo-Jazi, Mahmoud},
  title =        {A broadband and high gain millimeter-wave hybrid dielectric resonator antenna},
  booktitle =    {2016 17th International Symposium on Antenna Technology and Applied Electromagnetics (ANTEM)},
  year =         {2016},
  pages =        {1--2},
  organization = {IEEE},
  file =         {:literature papers\\07550125.pdf:PDF}
}

@InProceedings{fhafhiem2017high,
  author =       {Fhafhiem, N and Naktong, W and Innok, A and Ruengwaree, A},
  title =        {High-gain and broadband antenna using microstrip combined with the waveguide antenna},
  booktitle =    {2017 International Symposium on Antennas and Propagation (ISAP)},
  year =         {2017},
  pages =        {1--2},
  organization = {IEEE},
  file =         {:literature papers\\08229007.pdf:PDF}
}

@InProceedings{garg2012rectangular,
  author =       {Garg, Bimal and Agrawal, Nitin and Sharma, Vijay and Tomar, Ankita and Dubey, Prashant},
  title =        {Rectangular microstrip patch antenna with" Pentagonal Rings" shaped metamaterial cover},
  booktitle =    {2012 International Conference on Communication Systems and Network Technologies},
  year =         {2012},
  pages =        {40--44},
  organization = {IEEE},
  file =         {:literature papers\\Rectangular Microstrip Patch Antenna with _Pentagonal Rings_ Shaped Metamaterial Cover.pdf:PDF}
}

@Article{gupta2013circularly,
  author =    {Gupta, Yogesh Kumar and Yadava, RL and Yadav, RK},
  title =     {Circularly polarized truncated pentagonal shaped Microstrip patch antenna},
  journal =   {International Journal of Microwaves Applications},
  year =      {2013},
  volume =    {6},
  number =    {6},
  file =      {:literature papers\\10.1.1.736.6006.pdf:PDF},
  publisher = {Citeseer}
}

@Article{gupta2019design,
  author =    {Gupta, Nancy and Saxena, Jyoti and Bhatia, Kamaljit Singh and Dadwal, Naveen},
  title =     {Design of metamaterial-loaded rectangular patch antenna for satellite communication applications},
  journal =   {Iranian Journal of Science and Technology, Transactions of Electrical Engineering},
  year =      {2019},
  volume =    {43},
  number =    {1},
  pages =     {39--49},
  file =      {:literature papers\\new11.pdf:PDF},
  publisher = {Springer}
}

@InProceedings{harish20153,
  author =       {Harish, S and Srinivasan, S and Srinikethan, MS and GA, Shanmugha Sundaram},
  title =        {3-D stack of waveguide structures with hour-glass slot structure for terahertz antenna applications},
  booktitle =    {2015 International Conference on Advances in Computing, Communications and Informatics (ICACCI)},
  year =         {2015},
  pages =        {689--693},
  organization = {IEEE},
  file =         {:literature papers\\harishs2015.pdf:PDF}
}

@Article{horii1999harmonic,
  author =    {Horii, Yasushi and Tsutsumi, Makoto},
  title =     {Harmonic control by photonic bandgap on microstrip patch antenna},
  journal =   {IEEE Microwave and Guided Wave Letters},
  year =      {1999},
  volume =    {9},
  number =    {1},
  pages =     {13--15},
  file =      {:literature papers\\00752109.pdf:PDF},
  publisher = {IEEE}
}

@InProceedings{hua2015studies,
  author =       {Hua, Guoliang and Ma, Yan and others},
  title =        {Studies on satellite antenna gain measurement system based on comparison method},
  booktitle =    {2015 IEEE 6th International Symposium on Microwave, Antenna, Propagation, and EMC Technologies (MAPE)},
  year =         {2015},
  pages =        {242--244},
  organization = {IEEE},
  file =         {:literature papers\\07510307.pdf:PDF}
}

@InProceedings{huang2015two,
  author =       {Huang, Guan-Long and Zhou, Shi-Gang and Chio, Tan-Huat and Yeo, Tat-Soon},
  title =        {Two types of waveguide comparator for wideband monopulse antenna array application},
  booktitle =    {2015 IEEE 5th Asia-Pacific Conference on Synthetic Aperture Radar (APSAR)},
  year =         {2015},
  pages =        {264--266},
  organization = {IEEE},
  file =         {:literature papers\\mono6.pdf:PDF}
}

@Article{iftissane2011conception,
  author =    {Iftissane, Mustapha and Bri, Seddik and Zenkouar, Lahbib},
  title =     {Conception of patch antenna at wide band},
  journal =   {International Journal of Emerging Sciences},
  year =      {2011},
  volume =    {1},
  number =    {3},
  pages =     {404},
  file =      {:literature papers\\Conception_of_Patch_Antenna_at_Wide_Band.pdf:PDF},
  publisher = {International Journal of Emerging Sciences}
}

@InProceedings{jayakrishnan2018effect,
  author =       {Jayakrishnan, VM and Rao, Sethuraman N},
  title =        {Effect of Enclosure on Path Loss of Long Range Wi-Fi Signal},
  booktitle =    {2018 IEEE International Conference on Computational Intelligence and Computing Research (ICCIC)},
  year =         {2018},
  pages =        {1--4},
  organization = {IEEE},
  file =         {:literature papers\\new13.pdf:PDF}
}

@InProceedings{jose2015coplanar,
  author =       {Jose, Jesmi Alphonsa and Anand, R and Rao, Sethuraman and Menon, Sreedevi K},
  title =        {A coplanar pentagonal antenna for wireless applications},
  booktitle =    {2015 2nd International Conference on Signal Processing and Integrated Networks (SPIN)},
  year =         {2015},
  pages =        {40--43},
  organization = {IEEE},
  file =         {:literature papers\\new15.pdf:PDF}
}

@InCollection{joshi2011metamaterial,
  author =    {Joshi, JG and Pattnaik, Shyam S and Devi, S},
  title =     {Metamaterial loaded dual band microstrip patch antenna},
  booktitle = {2011 Indian Antenna Week (IAW)},
  year =      {2011},
  file =      {:literature papers\\new8.pdf:PDF}
}

@InProceedings{kamtongdee2009novel,
  author =       {Kamtongdee, Chakkrit and Wongkasem, Nantakan},
  title =        {A novel design of compact 2.4 GHz microstrip antennas},
  booktitle =    {2009 6th International Conference on Electrical Engineering/Electronics, Computer, Telecommunications and Information Technology},
  year =         {2009},
  volume =       {2},
  pages =        {766--769},
  organization = {IEEE},
  file =         {:literature papers\\new4.pdf:PDF}
}

@InProceedings{kumar2016compact,
  author =       {Kumar, Hemant and Kumar, Girish and Verma, Yogesh and Mishra, Prashant Kumar},
  title =        {Compact waveguide monopulse comparator at Ka-band for monopulse tracking},
  booktitle =    {2016 IEEE International Symposium on Antennas and Propagation (APSURSI)},
  year =         {2016},
  pages =        {1357--1358},
  organization = {IEEE},
  file =         {:literature papers\\mono7.pdf:PDF}
}

@InProceedings{kumar2016microstrip,
  author =       {Kumar, Hemant and Kumar, Girish},
  title =        {Microstrip antenna array with ratrace comparator at X-band for monopulse tracking radar},
  booktitle =    {2016 IEEE International Symposium on Antennas and Propagation (APSURSI)},
  year =         {2016},
  pages =        {513--514},
  organization = {IEEE},
  file =         {:literature papers\\mono5.pdf:PDF}
}

@InProceedings{kumar2019multi,
  author =       {Kumar, D Naresh},
  title =        {Multi-Technique Broadband Microstrip Patch Antenna Design},
  booktitle =    {Journal of Physics: Conference Series},
  year =         {2019},
  volume =       {1172},
  number =       {1},
  pages =        {012112},
  organization = {IOP Publishing},
  file =         {:literature papers\\ant4.pdf:PDF}
}

@Article{lafmajani2011miniaturized,
  author =  {Lafmajani, I Arghand and Rezaei, Pejman},
  title =   {Miniaturized rectangular patch antenna loaded with spiral/wires metamaterial},
  journal = {European Journal of Scientific Research},
  year =    {2011},
  volume =  {65},
  number =  {1},
  pages =   {121--130},
  file =    {:literature papers\\new10.pdf:PDF}
}

@Article{lee1997experimental,
  author =    {Lee, KF and Luk, KM and Tong, Kin-Fai and Shum, SM and Huynh, T and Lee, RQ},
  title =     {Experimental and simulation studies of the coaxially fed U-slot rectangular patch antenna},
  journal =   {IEE Proceedings-Microwaves, Antennas and Propagation},
  year =      {1997},
  volume =    {144},
  number =    {5},
  pages =     {354--358},
  file =      {:literature papers\\00667511.pdf:PDF},
  publisher = {IET}
}

@Article{liu2009strip,
  author =    {Liu, Wen-Chung and Song, Chau-Chung and Chung, Shih-Hsiung and Jaw, Jieh-La},
  title =     {Strip-loaded CPW-fed pentagonal antenna for GPS/WiMAX/WLAN applications},
  journal =   {Microwave and Optical Technology Letters},
  year =      {2009},
  volume =    {51},
  number =    {1},
  pages =     {48--52},
  file =      {:literature papers\\new7.pdf:PDF},
  publisher = {Wiley Online Library}
}

@Article{liu2011compact,
  author =    {Liu, WeiXing and Yin, YinZeng and Xu, WenLong and Zuo, ShaoLi},
  title =     {Compact open-slot antenna with bandwidth enhancement},
  journal =   {IEEE antennas and wireless propagation letters},
  year =      {2011},
  volume =    {10},
  pages =     {850--853},
  file =      {:literature papers\\05986680.pdf:PDF},
  publisher = {IEEE}
}

@Article{mak2000experimental,
  author =    {Mak, CL and Luk, KM and Lee, KF and Chow, YL},
  title =     {Experimental study of a microstrip patch antenna with an L-shaped probe},
  journal =   {IEEE Transactions on antennas and propagation},
  year =      {2000},
  volume =    {48},
  number =    {5},
  pages =     {777--783},
  file =      {:literature papers\\00855497.pdf:PDF},
  publisher = {IEEE}
}

@InProceedings{nguyen2018gain,
  author =       {Nguyen, DucDung and Seo, Chulhun},
  title =        {Gain Improvement of A Metasurface for U-slot Microstrip Patch Antenna Array at 5.8 GHz},
  booktitle =    {2018 International Symposium on Antennas and Propagation (ISAP)},
  year =         {2018},
  pages =        {1--2},
  organization = {IEEE},
  file =         {:literature papers\\ant3.pdf:PDF}
}

@InProceedings{oliver2011w,
  author =       {Oliver, J Marcus and Ralston, Parrish and Cullens, Evan and Ranzanic, Leonardo and Vanhille, Ken and Raman, Sanjay},
  title =        {A W-band micro coaxial passive monopulse comparator network with integrated cavity-backed patch antenna array},
  booktitle =    {2011 IEEE MTT-S International Microwave Symposium},
  year =         {2011},
  pages =        {1--4},
  organization = {IEEE},
  file =         {:literature papers\\mono4.pdf:PDF}
}

@Article{patil2015survey,
  author =    {Patil, Anilkumar and Suryakanth, B},
  title =     {A Survey and Review on Gain Enhancement Methods of Microstrip Patch Antenna},
  journal =   {International Journal on Emerging Technologies},
  year =      {2015},
  volume =    {6},
  number =    {2},
  pages =     {98},
  file =      {:literature papers\\19 NCRIET.pdf:PDF},
  publisher = {Research Trend}
}

@InProceedings{peng2015compact,
  author =       {Peng, Han and Li, Wenhui and Zhang, Jieqiu and Han, Yajuan and Qu, Shaobo},
  title =        {A compact and dual-band microstrip antenna designed for WIFI/WIMAX application},
  booktitle =    {2015 IEEE 16th International Conference on Communication Technology (ICCT)},
  year =         {2015},
  pages =        {386--388},
  organization = {IEEE},
  file =         {:literature papers\\07399863.pdf:PDF}
}

@InProceedings{qin2014polarization,
  author =       {Qin, Pei-Yuan and Guo, Y Jay and Ding, Can},
  title =        {A polarization reconfigurable antenna for dual-band operation},
  booktitle =    {2014 International Workshop on Antenna Technology: Small Antennas, Novel EM Structures and Materials, and Applications (iWAT)},
  year =         {2014},
  pages =        {65--67},
  organization = {IEEE},
  file =         {:literature papers\\ant5.pdf:PDF}
}

@InProceedings{rajeswaran2016mimointerference,
  author =       {Rajeswaran, Devika and Nair, Aswathy K},
  title =        {Interference rejection in MIMO-Beamforming Systems},
  booktitle =    {2016 3rd international conference on signal processing and integrated networks (SPIN)},
  year =         {2016},
  pages =        {406--410},
  organization = {IEEE},
  file =         {:literature papers\\07566728.pdf:PDF}
}

@InProceedings{rao2016realizing,
  author =       {Rao, Sethuraman N and Raj, Dhanesh and Aiswarya, S and Unni, Siddharth},
  title =        {Realizing cost-effective marine internet for fishermen},
  booktitle =    {2016 14th International Symposium on Modeling and Optimization in Mobile, Ad Hoc, and Wireless Networks (WiOpt)},
  year =         {2016},
  pages =        {1--5},
  organization = {IEEE},
  file =         {:literature papers\\new12.pdf:PDF}
}

@Article{rao2017bandwidth,
  author =  {Rao, V Srinivasa and Reddy, KVVS and Prasad, AM},
  title =   {Bandwidth enhancement of metamaterial loaded microstrip antenna using double layered substrate},
  journal = {Indones. J. Electr. Eng. Comput. Sci},
  year =    {2017},
  volume =  {5},
  number =  {3},
  pages =   {661--665},
  file =    {:literature papers\\new9.pdf:PDF}
}

@InProceedings{reddy1996performance,
  author =       {Reddy, SN and Reddy, NCE and Reddy, KK},
  title =        {Performance evaluation and error analysis of monopulse radar comparator},
  booktitle =    {Quality Measurement: The Indispensable Bridge between Theory and Reality (No Measurements? No Science! Joint Conference-1996: IEEE Instrumentation and Measurement Technology Conference and IMEKO Tec},
  year =         {1996},
  volume =       {2},
  pages =        {1382--1384},
  organization = {IEEE},
  file =         {:literature papers\\mono10.pdf:PDF}
}

@Article{serra2007wide,
  author =    {Serra, AA and Nepa, Paolo and Manara, Giuliano and Tribellini, G and Cioci, S},
  title =     {A wide-band dual-polarized stacked patch antenna},
  journal =   {IEEE Antennas and Wireless Propagation Letters},
  year =      {2007},
  volume =    {6},
  pages =     {141--143},
  file =      {:literature papers\\04154656.pdf:PDF},
  publisher = {IEEE}
}

@InProceedings{sharma2008broadband,
  author =       {Sharma, Brajraj and Sharma, Vijay and Bharadwaj, D and Sharma, KB and Saxena, VK and Saini, JS and Bhatnagar, D},
  title =        {Broadband dual frequency pentagonal microstrip antenna for wireless communication systems},
  booktitle =    {2008 International Conference on Recent Advances in Microwave Theory and Applications},
  year =         {2008},
  pages =        {904--906},
  organization = {IEEE},
  file =         {:literature papers\\04763202.pdf:PDF}
}

@Article{sidhu2015comparison,
  author =    {Sidhu, Sumanpreet Kaur and Sivia, Jagtar Singh},
  title =     {Comparison of different types of microstrip patch antennas},
  journal =   {International Journal of Computer Applications},
  year =      {2015},
  volume =    {975},
  pages =     {8887},
  file =      {:literature papers\\new5.pdf:PDF},
  publisher = {Citeseer}
}

@Article{singh2011micro,
  author =  {Singh, Indrasen and Tripathi, VS},
  title =   {Micro strip patch antenna and its applications: a survey},
  journal = {Int. J. Comp. Tech. Appl},
  year =    {2011},
  volume =  {2},
  number =  {5},
  pages =   {1595--1599},
  file =    {:literature papers\\ijcta2011020562.pdf:PDF}
}

@Article{singh2011t,
  author =  {Singh, Lolit Kumar and Gupta, Bhaskar and Sarkar, Partha P},
  title =   {T-slot Broadband Rectangular Patch Antenna},
  journal = {International Journal of Electronic and Electrical Engineering},
  year =    {2011},
  volume =  {4},
  number =  {1},
  pages =   {43--47},
  file =    {:literature papers\\IJEEEv4n1__5.pdf:PDF}
}

@InProceedings{tecpoyotl2010dual,
  author =       {Tecpoyotl-Torres, M and Vera-Dimas, JG},
  title =        {Dual band pentagonal microstrip antenna for Wi-Fi applications},
  booktitle =    {2010 IEEE Electronics, Robotics and Automotive Mechanics Conference},
  year =         {2010},
  pages =        {255--258},
  organization = {IEEE},
  file =         {:literature papers\\05692345.pdf:PDF}
}

@Article{thaher2015new,
  author =  {Thaher, Raad H and Alsaidy, Saif Nadhim},
  title =   {New compact pentagonal microstrip patch antenna for wireless communications applications},
  journal = {American Journal of Electromagnetics and Applications},
  year =    {2015},
  volume =  {3},
  number =  {6},
  pages =   {53--64},
  file =    {:literature papers\\new3.pdf:PDF}
}

@InProceedings{vaishnavi2014simulation,
  author =       {Vaishnavi, V and Priya, VG and Kumar, Manoj and Venkatesh, S and GA, Shanmugha Sundaram and others},
  title =        {Simulation of helical modulation in a focal plane array},
  booktitle =    {2014 International Conference on Communication and Signal Processing},
  year =         {2014},
  pages =        {1414--1418},
  organization = {IEEE},
  file =         {:literature papers\\new1.pdf:PDF}
}

@Article{wang2014design,
  author =    {Wang, Zedong and Zhang, Guan-xi and Yin, Yingzeng and Wu, Jianjun},
  title =     {Design of a dual-band high-gain antenna array for WLAN and WiMAX base station},
  journal =   {IEEE Antennas and Wireless Propagation Letters},
  year =      {2014},
  volume =    {13},
  pages =     {1721--1724},
  file =      {:literature papers\\06888466.pdf:PDF},
  publisher = {IEEE}
}

@Article{wong2001broad,
  author =    {Wong, Kin-Lu and Hsu, Wen-Hsis},
  title =     {A broad-band rectangular patch antenna with a pair of wide slits},
  journal =   {IEEE Transactions on Antennas and Propagation},
  year =      {2001},
  volume =    {49},
  number =    {9},
  pages =     {1345--1347},
  file =      {:literature papers\\00951507.pdf:PDF},
  publisher = {IEEE}
}

@Article{xiong2009modified,
  author =    {Xiong, Jiang and Li, Hui and Jin, Yi and He, Sailing},
  title =     {Modified TM020 Mode of a Rectangular Patch Antenna Partially Loaded With Metamaterial for Dual-Band Applications},
  journal =   {IEEE Antennas and wireless Propagation letters},
  year =      {2009},
  volume =    {8},
  pages =     {1006--1009},
  file =      {:literature papers\\05210177.pdf:PDF},
  publisher = {IEEE}
}

@InProceedings{xu2012analysis,
  author =       {Xu-chun, Zhang and Chang-hong, Liang and Jun-wei, Xie},
  title =        {Analysis of the performances of the monopulse feeding system influenced by the antenna coupling},
  booktitle =    {2012 International Conference on Microwave and Millimeter Wave Technology (ICMMT)},
  year =         {2012},
  volume =       {1},
  pages =        {1--4},
  organization = {IEEE},
  file =         {:literature papers\\mono9.pdf:PDF}
}

@InProceedings{xu2016double,
  author =       {Xu, Xin and Hirokawa, Jiro and Ando, Makoto},
  title =        {Double-layered plate-laminated waveguide monopulse comparator in E-band},
  booktitle =    {2016 IEEE International Symposium on Antennas and Propagation (APSURSI)},
  year =         {2016},
  pages =        {1703--1704},
  organization = {IEEE},
  file =         {:literature papers\\mono1.pdf:PDF}
}

@InProceedings{yi2018novel,
  author =       {Yi, Hao and Wang, Yangzi and Li, Long},
  title =        {A Novel Broadband Microstrip Patch Antenna with Small Ground Plane},
  booktitle =    {2018 Cross Strait Quad-Regional Radio Science and Wireless Technology Conference (CSQRWC)},
  year =         {2018},
  pages =        {1--3},
  organization = {IEEE},
  file =         {:literature papers\\ant2.pdf:PDF}
}

@Article{zhang2016design,
  author =    {Zhang, Long and Dou, Wenbin and Su, Hongyan},
  title =     {Design and Implementation of Monopulse Antenna for Submillimeter Wavelengths’ Application},
  journal =   {IEEE Transactions on Antennas and Propagation},
  year =      {2016},
  volume =    {64},
  number =    {4},
  pages =     {1530--1535},
  file =      {:literature papers\\zhang2016.pdf:PDF},
  publisher = {IEEE}
}
